@online{rip1,
	author = {C. Hedric},
	title = {Routing Information Protocol},
	date = {1988},
	url = {http://tools.ietf.org/html/rfc1058},
	note = {RFC 1058},
}

@online{rip2,
	author = {G. Malkin},
	title = {RIP Version 2},
	date = {1998},
	url = {http://tools.ietf.org/html/rfc2453},
	note = {RFC 2453},
}

@online{ripng,
	author = {G. Malkin},
	title = {RIPng for IPv6},
	date = {1997},
	url = {http://tools.ietf.org/html/rfc2080},
	note = {RFC 2080},
}
